%% This BibTeX bibliography file was created using BibDesk.
%% http://bibdesk.sourceforge.net/


%% Created for lossius at 2009-07-07 14:48:27 +0200 


%% Saved with string encoding Unicode (UTF-8) 



@inproceedings{Schnell_2005_Gabor,
	Author = {Schnell, N. and Schwarz, D.},
	Booktitle = {Proceedings of the 8th International Conference on Digital Audio Effects (DAFx'05). Madrid.},
	Date-Added = {2009-07-07 14:46:14 +0200},
	Date-Modified = {2009-07-07 14:46:14 +0200},
	Keywords = {Max, Gabor, FTM},
	Title = {Gabor, multi-representation real-time analysis/synthesis.},
	Year = {2005}}

@inproceedings{Bevilacqua:2005mnm,
	Author = {F. Bevilacqua and R. {M\"uller} and N. Schnell},
	Booktitle = {Proceedings of the 2005 Conference on New Interfaces for Musical Expression},
	Date-Added = {2009-07-07 14:43:35 +0200},
	Date-Modified = {2009-07-07 14:43:35 +0200},
	Keywords = {Max, mapping},
	Local-Url = {file://localhost/Users/lossius/Documents/Artikler/_bibdesk_indexed/Bevilacqua_2005mnm.pdf},
	Title = {{MnM: a Max/MSP mapping toolbox}},
	Year = {2005},
	Bdsk-File-1 = {YnBsaXN0MDDUAQIDBAUGCQpYJHZlcnNpb25UJHRvcFkkYXJjaGl2ZXJYJG9iamVjdHMSAAGGoNEHCFRyb290gAFfEA9OU0tleWVkQXJjaGl2ZXKoCwwXGBkdJCVVJG51bGzTDQ4PEBEUViRjbGFzc1dOUy5rZXlzWk5TLm9iamVjdHOAB6ISE4ACgAOiFRaABIAGWWFsaWFzRGF0YVxyZWxhdGl2ZVBhdGjSDRobHFdOUy5kYXRhgAVPEQHgAAAAAAHgAAIAAAxNYWNpbnRvc2ggSEQAAAAAAAAAAAAAAAAAAADErH58SCsAAAALDScWQmV2aWxhY3F1YV8yMDA1bW5tLnBkZgAAAAAAAAAAAAAAAAAAAAAAAAAAAAAAAAAAAAAAAAAAAAAAAAAAAAAAAAsNM77UWZgAAAAAAAAAAAAFAAQAAAkgAAAAAAAAAAAAAAAAAAAAEF9iaWJkZXNrX2luZGV4ZWQAEAAIAADErGJcAAAAEQAIAAC+1D14AAAAAQAUAAsNJwALDSUACuhPAAn6OQAAe1sAAgBVTWFjaW50b3NoIEhEOlVzZXJzOmxvc3NpdXM6RG9jdW1lbnRzOkFydGlrbGVyOl9iaWJkZXNrX2luZGV4ZWQ6QmV2aWxhY3F1YV8yMDA1bW5tLnBkZgAADgAuABYAQgBlAHYAaQBsAGEAYwBxAHUAYQBfADIAMAAwADUAbQBuAG0ALgBwAGQAZgAPABoADABNAGEAYwBpAG4AdABvAHMAaAAgAEgARAASAEhVc2Vycy9sb3NzaXVzL0RvY3VtZW50cy9BcnRpa2xlci9fYmliZGVza19pbmRleGVkL0JldmlsYWNxdWFfMjAwNW1ubS5wZGYAEwABLwAAFQACAA7//wAA0h4fICFYJGNsYXNzZXNaJGNsYXNzbmFtZaMhIiNdTlNNdXRhYmxlRGF0YVZOU0RhdGFYTlNPYmplY3RfEEkuLi8uLi8uLi8uLi8uLi9Eb2N1bWVudHMvQXJ0aWtsZXIvX2JpYmRlc2tfaW5kZXhlZC9CZXZpbGFjcXVhXzIwMDVtbm0ucGRm0h4fJieiJyNcTlNEaWN0aW9uYXJ5AAgAEQAaAB8AKQAyADcAOgA/AEEAUwBcAGIAaQBwAHgAgwCFAIgAigCMAI8AkQCTAJ0AqgCvALcAuQKdAqICqwK2AroCyALPAtgDJAMpAywAAAAAAAACAQAAAAAAAAAoAAAAAAAAAAAAAAAAAAADOQ==}}

@inproceedings{Schnell:2005ftm,
	Author = {N. Schnell and R. Borghesi and D. Schwarz and F. Bevilacqua and R. {M\"uller}},
	Booktitle = {Proceedings of the 2005 International Computer Music Conference},
	Date-Added = {2009-07-07 14:42:05 +0200},
	Date-Modified = {2009-07-07 14:42:05 +0200},
	Keywords = {Max, mapping},
	Local-Url = {file://localhost/Users/lossius/Documents/Artikler/_bibdesk_indexed/Schnell_2005ftm.pdf},
	Title = {{FTM --- complex data structures for Max}},
	Year = {2005},
	Bdsk-File-1 = {YnBsaXN0MDDUAQIDBAUGCQpYJHZlcnNpb25UJHRvcFkkYXJjaGl2ZXJYJG9iamVjdHMSAAGGoNEHCFRyb290gAFfEA9OU0tleWVkQXJjaGl2ZXKoCwwXGBkdJCVVJG51bGzTDQ4PEBEUViRjbGFzc1dOUy5rZXlzWk5TLm9iamVjdHOAB6ISE4ACgAOiFRaABIAGWWFsaWFzRGF0YVxyZWxhdGl2ZVBhdGjSDRobHFdOUy5kYXRhgAVPEQHUAAAAAAHUAAIAAAxNYWNpbnRvc2ggSEQAAAAAAAAAAAAAAAAAAADErH58SCsAAAALDScTU2NobmVsbF8yMDA1ZnRtLnBkZgAAAAAAAAAAAAAAAAAAAAAAAAAAAAAAAAAAAAAAAAAAAAAAAAAAAAAAAAAAAAsNs79I2o9QREYgcHJ2dwAFAAQAAAkgAAAAAAAAAAAAAAAAAAAAEF9iaWJkZXNrX2luZGV4ZWQAEAAIAADErGJcAAAAEQAIAAC/SL5vAAAAAQAUAAsNJwALDSUACuhPAAn6OQAAe1sAAgBSTWFjaW50b3NoIEhEOlVzZXJzOmxvc3NpdXM6RG9jdW1lbnRzOkFydGlrbGVyOl9iaWJkZXNrX2luZGV4ZWQ6U2NobmVsbF8yMDA1ZnRtLnBkZgAOACgAEwBTAGMAaABuAGUAbABsAF8AMgAwADAANQBmAHQAbQAuAHAAZABmAA8AGgAMAE0AYQBjAGkAbgB0AG8AcwBoACAASABEABIARVVzZXJzL2xvc3NpdXMvRG9jdW1lbnRzL0FydGlrbGVyL19iaWJkZXNrX2luZGV4ZWQvU2NobmVsbF8yMDA1ZnRtLnBkZgAAEwABLwAAFQACAA7//wAA0h4fICFYJGNsYXNzZXNaJGNsYXNzbmFtZaMhIiNdTlNNdXRhYmxlRGF0YVZOU0RhdGFYTlNPYmplY3RfEEYuLi8uLi8uLi8uLi8uLi9Eb2N1bWVudHMvQXJ0aWtsZXIvX2JpYmRlc2tfaW5kZXhlZC9TY2huZWxsXzIwMDVmdG0ucGRm0h4fJieiJyNcTlNEaWN0aW9uYXJ5AAgAEQAaAB8AKQAyADcAOgA/AEEAUwBcAGIAaQBwAHgAgwCFAIgAigCMAI8AkQCTAJ0AqgCvALcAuQKRApYCnwKqAq4CvALDAswDFQMaAx0AAAAAAAACAQAAAAAAAAAoAAAAAAAAAAAAAAAAAAADKg==}}

@techreport{Nymoen_2008_GDIF_sync,
	Author = {K. Nymoen},
	Date-Added = {2009-07-07 14:41:11 +0200},
	Date-Modified = {2009-07-07 14:41:11 +0200},
	Institution = {Musical Gestures Group, Department of Musicology. Oslo: University of Oslo.},
	Keywords = {Max, Jamoma, GDIF, FTM, SDIF},
	Title = {A setup for synchronizing GDIF data using SDIF-files and FTM for Max. Report on Short Term Scientific Mission. Action: E0601 -- Sonic Interaction Design.},
	Year = {2008}}

@inproceedings{Jensenius:2006a,
	Author = {Jensenius, A. R. and Kvifte, T. and God{\o}y, R. I.},
	Booktitle = {Proceedings of the 2006 Conference on New Interfaces for Musical Expression (NIME-06), Paris, France},
	Date-Added = {2009-07-07 14:39:07 +0200},
	Date-Modified = {2009-07-07 14:39:07 +0200},
	Editor = {Schnell, N. and Bevilacqua, F. and Lyons, M. and Tanaka, A.},
	Keywords = {gestures, Max},
	Local-Url = {file://localhost/Users/lossius/Documents/Artikler/_bibdesk_indexed/nime_2006proceedings.pdf},
	Pages = {176-179},
	Title = {Towards a Gesture Description Interchange Format - draft},
	Year = {2006},
	Bdsk-File-1 = {YnBsaXN0MDDUAQIDBAUGCQpYJHZlcnNpb25UJHRvcFkkYXJjaGl2ZXJYJG9iamVjdHMSAAGGoNEHCFRyb290gAFfEA9OU0tleWVkQXJjaGl2ZXKoCwwXGBkdJCVVJG51bGzTDQ4PEBEUViRjbGFzc1dOUy5rZXlzWk5TLm9iamVjdHOAB6ISE4ACgAOiFRaABIAGWWFsaWFzRGF0YVxyZWxhdGl2ZVBhdGjSDRobHFdOUy5kYXRhgAVPEQHoAAAAAAHoAAIAAAxNYWNpbnRvc2ggSEQAAAAAAAAAAAAAAAAAAADErH58SCsAAAALDScYbmltZV8yMDA2cHJvY2VlZGluZ3MucGRmAAAAAAAAAAAAAAAAAAAAAAAAAAAAAAAAAAAAAAAAAAAAAAAAAAAAAAsNm8Cy3q5QREYgcHJ2dwAFAAQAAAkgAAAAAAAAAAAAAAAAAAAAEF9iaWJkZXNrX2luZGV4ZWQAEAAIAADErGJcAAAAEQAIAADAssKOAAAAAQAUAAsNJwALDSUACuhPAAn6OQAAe1sAAgBXTWFjaW50b3NoIEhEOlVzZXJzOmxvc3NpdXM6RG9jdW1lbnRzOkFydGlrbGVyOl9iaWJkZXNrX2luZGV4ZWQ6bmltZV8yMDA2cHJvY2VlZGluZ3MucGRmAAAOADIAGABuAGkAbQBlAF8AMgAwADAANgBwAHIAbwBjAGUAZQBkAGkAbgBnAHMALgBwAGQAZgAPABoADABNAGEAYwBpAG4AdABvAHMAaAAgAEgARAASAEpVc2Vycy9sb3NzaXVzL0RvY3VtZW50cy9BcnRpa2xlci9fYmliZGVza19pbmRleGVkL25pbWVfMjAwNnByb2NlZWRpbmdzLnBkZgATAAEvAAAVAAIADv//AADSHh8gIVgkY2xhc3Nlc1okY2xhc3NuYW1loyEiI11OU011dGFibGVEYXRhVk5TRGF0YVhOU09iamVjdF8QSy4uLy4uLy4uLy4uLy4uL0RvY3VtZW50cy9BcnRpa2xlci9fYmliZGVza19pbmRleGVkL25pbWVfMjAwNnByb2NlZWRpbmdzLnBkZtIeHyYnoicjXE5TRGljdGlvbmFyeQAIABEAGgAfACkAMgA3ADoAPwBBAFMAXABiAGkAcAB4AIMAhQCIAIoAjACPAJEAkwCdAKoArwC3ALkCpQKqArMCvgLCAtAC1wLgAy4DMwM2AAAAAAAAAgEAAAAAAAAAKAAAAAAAAAAAAAAAAAAAA0M=}}

@manual{Jazzmutant:2006_osc2,
	Author = {Jazzmutant},
	Date-Added = {2009-07-07 14:38:06 +0200},
	Date-Modified = {2009-07-07 14:38:06 +0200},
	Keywords = {OSC},
	Local-Url = {file://localhost/Users/lossius/Documents/Artikler/_bibdesk_indexed/Jazzmutant_2006_OSC2.pdf},
	Organization = {Jazzmutant},
	Title = {Extension and enhancement of the OSC Protocol - draft},
	Year = {2006},
	Bdsk-File-1 = {YnBsaXN0MDDUAQIDBAUGCQpYJHZlcnNpb25UJHRvcFkkYXJjaGl2ZXJYJG9iamVjdHMSAAGGoNEHCFRyb290gAFfEA9OU0tleWVkQXJjaGl2ZXKoCwwXGBkdJCVVJG51bGzTDQ4PEBEUViRjbGFzc1dOUy5rZXlzWk5TLm9iamVjdHOAB6ISE4ACgAOiFRaABIAGWWFsaWFzRGF0YVxyZWxhdGl2ZVBhdGjSDRobHFdOUy5kYXRhgAVPEQHoAAAAAAHoAAIAAAxNYWNpbnRvc2ggSEQAAAAAAAAAAAAAAAAAAADErH58SCsAAAALDScYSmF6em11dGFudF8yMDA2X09TQzIucGRmAAAAAAAAAAAAAAAAAAAAAAAAAAAAAAAAAAAAAAAAAAAAAAAAAAAAAAsNacI/CjlQREYgcHJ2dwAFAAQAAAkgAAAAAAAAAAAAAAAAAAAAEF9iaWJkZXNrX2luZGV4ZWQAEAAIAADErGJcAAAAEQAIAADCPu4ZAAAAAQAUAAsNJwALDSUACuhPAAn6OQAAe1sAAgBXTWFjaW50b3NoIEhEOlVzZXJzOmxvc3NpdXM6RG9jdW1lbnRzOkFydGlrbGVyOl9iaWJkZXNrX2luZGV4ZWQ6SmF6em11dGFudF8yMDA2X09TQzIucGRmAAAOADIAGABKAGEAegB6AG0AdQB0AGEAbgB0AF8AMgAwADAANgBfAE8AUwBDADIALgBwAGQAZgAPABoADABNAGEAYwBpAG4AdABvAHMAaAAgAEgARAASAEpVc2Vycy9sb3NzaXVzL0RvY3VtZW50cy9BcnRpa2xlci9fYmliZGVza19pbmRleGVkL0phenptdXRhbnRfMjAwNl9PU0MyLnBkZgATAAEvAAAVAAIADv//AADSHh8gIVgkY2xhc3Nlc1okY2xhc3NuYW1loyEiI11OU011dGFibGVEYXRhVk5TRGF0YVhOU09iamVjdF8QSy4uLy4uLy4uLy4uLy4uL0RvY3VtZW50cy9BcnRpa2xlci9fYmliZGVza19pbmRleGVkL0phenptdXRhbnRfMjAwNl9PU0MyLnBkZtIeHyYnoicjXE5TRGljdGlvbmFyeQAIABEAGgAfACkAMgA3ADoAPwBBAFMAXABiAGkAcAB4AIMAhQCIAIoAjACPAJEAkwCdAKoArwC3ALkCpQKqArMCvgLCAtAC1wLgAy4DMwM2AAAAAAAAAgEAAAAAAAAAKAAAAAAAAAAAAAAAAAAAA0M=}}

@inproceedings{Place_2008_flexible_control,
	Author = {Tim Place and Trond Lossius and Alexander Refsum Jensenius  and Nils Peters},
	Booktitle = {Proceeding of the International Computer Music Conference. The International Computer Music Association.},
	Date-Added = {2009-07-07 14:37:33 +0200},
	Date-Modified = {2009-07-07 14:37:33 +0200},
	Keywords = {Max, Jamoma},
	Title = {Flexible control of composite parameters in Max/MSP. },
	Year = {2008}}

@inproceedings{Place:2008osc_properties,
	Author = {Timothy Place and Trond Lossius and Alexander Refsum Jensenius and Nils Peters and Pascal Baltazare},
	Booktitle = {Proceedings of the 2008 Conference on New Interfaces for Musical Expression (NIME-08), Genova, Italy},
	Date-Added = {2009-07-07 14:34:53 +0200},
	Date-Modified = {2009-07-07 14:34:53 +0200},
	Keywords = {Jamoma, Max, osc},
	Title = {Addressing Classes by Differentiating Values and Properties in OSC},
	Year = {2008}}

@techreport{Wright_2002_OSC,
	Author = {Wright, M},
	Date-Added = {2009-07-07 14:34:07 +0200},
	Date-Modified = {2009-07-07 14:48:27 +0200},
	Institution = {CNMAT},
	Keywords = {OSC},
	Title = {The Open Sound Control 1.0 Specification. Version 1.0. http://opensoundcontrol.org/spec-1_0},
	Urldate = {Retrieved 11 30, 2008},
	Year = {2002}}

@inproceedings{Place:2006jamoma,
	Author = {Place, T. and T. Lossius},
	Booktitle = {Proceedings of the 2006 International Computer Music Conference},
	Date-Added = {2009-07-07 14:30:51 +0200},
	Date-Modified = {2009-07-07 14:30:51 +0200},
	Keywords = {Max, trond, gestures, MIDI, OSC, Jamoma},
	Local-Url = {file://localhost/Users/lossius/Documents/Artikler/_bibdesk_indexed/Place_2006jamoma.pdf},
	Publisher = {New Orleans: International Computer Music Association},
	Title = {Jamoma: A modular standard for structuring patches in Max},
	Year = {2006},
	Bdsk-File-1 = {YnBsaXN0MDDUAQIDBAUGCQpYJHZlcnNpb25UJHRvcFkkYXJjaGl2ZXJYJG9iamVjdHMSAAGGoNEHCFRyb290gAFfEA9OU0tleWVkQXJjaGl2ZXKoCwwXGBkdJCVVJG51bGzTDQ4PEBEUViRjbGFzc1dOUy5rZXlzWk5TLm9iamVjdHOAB6ISE4ACgAOiFRaABIAGWWFsaWFzRGF0YVxyZWxhdGl2ZVBhdGjSDRobHFdOUy5kYXRhgAVPEQHYAAAAAAHYAAIAAAxNYWNpbnRvc2ggSEQAAAAAAAAAAAAAAAAAAADErH58SCsAAAALDScUUGxhY2VfMjAwNmphbW9tYS5wZGYAAAAAAAAAAAAAAAAAAAAAAAAAAAAAAAAAAAAAAAAAAAAAAAAAAAAAAAAAAAsNn8DVpxxQREYgcHJ2dwAFAAQAAAkgAAAAAAAAAAAAAAAAAAAAEF9iaWJkZXNrX2luZGV4ZWQAEAAIAADErGJcAAAAEQAIAADA1Yr8AAAAAQAUAAsNJwALDSUACuhPAAn6OQAAe1sAAgBTTWFjaW50b3NoIEhEOlVzZXJzOmxvc3NpdXM6RG9jdW1lbnRzOkFydGlrbGVyOl9iaWJkZXNrX2luZGV4ZWQ6UGxhY2VfMjAwNmphbW9tYS5wZGYAAA4AKgAUAFAAbABhAGMAZQBfADIAMAAwADYAagBhAG0AbwBtAGEALgBwAGQAZgAPABoADABNAGEAYwBpAG4AdABvAHMAaAAgAEgARAASAEZVc2Vycy9sb3NzaXVzL0RvY3VtZW50cy9BcnRpa2xlci9fYmliZGVza19pbmRleGVkL1BsYWNlXzIwMDZqYW1vbWEucGRmABMAAS8AABUAAgAO//8AANIeHyAhWCRjbGFzc2VzWiRjbGFzc25hbWWjISIjXU5TTXV0YWJsZURhdGFWTlNEYXRhWE5TT2JqZWN0XxBHLi4vLi4vLi4vLi4vLi4vRG9jdW1lbnRzL0FydGlrbGVyL19iaWJkZXNrX2luZGV4ZWQvUGxhY2VfMjAwNmphbW9tYS5wZGbSHh8mJ6InI1xOU0RpY3Rpb25hcnkACAARABoAHwApADIANwA6AD8AQQBTAFwAYgBpAHAAeACDAIUAiACKAIwAjwCRAJMAnQCqAK8AtwC5ApUCmgKjAq4CsgLAAscC0AMaAx8DIgAAAAAAAAIBAAAAAAAAACgAAAAAAAAAAAAAAAAAAAMv}}

@article{Zicarelli:2002_program_that_do_nothing,
	Author = {David Zicarelli},
	Date-Added = {2009-07-07 14:29:57 +0200},
	Date-Modified = {2009-07-07 14:34:16 +0200},
	Keywords = {Max},
	Title = {How I learned to love a program that does nothing.}}

@book{Sullivan_2004_physical_computing,
	Author = {O'Sullivan, D. and Tom Igoe},
	Date-Added = {2009-07-07 14:28:18 +0200},
	Date-Modified = {2009-07-07 14:28:18 +0200},
	Keywords = {physical computing},
	Publisher = {Boston: Thompson Course Technology.},
	Title = {Physical computing. Sensing the physical world with computers.},
	Year = {2004}}
