%% This BibTeX bibliography file was created using BibDesk.
%% http://bibdesk.sourceforge.net/


%% Created for lossius at 2008-05-03 12:19:20 +0200 


%% Saved with string encoding Western (ASCII) 

@bibdesk_info{document_info,
	Author = {Alexander Refsum Jensenius}
}


@inproceedings{Place:2006jamoma,
	Author = {Place, T. and T. Lossius},
	Booktitle = {Proceedings of the 2006 International Computer Music Conference},
	Date-Added = {2008-05-02 16:24:30 +0200},
	Date-Modified = {2008-05-02 17:48:20 +0200},
	Keywords = {Max, trond, gestures, MIDI, OSC, Jamoma},
	Local-Url = {file://localhost/Users/lossius/Documents/Artikler/_bibdesk_indexed/Place_2006jamoma.pdf},
	Publisher = {New Orleans: International Computer Music Association},
	Title = {{Jamoma: A modular standard for structuring patches in Max}},
	Year = {2006},
	Bdsk-File-1 = {YnBsaXN0MDDUAQIDBAUGCQpYJHZlcnNpb25UJHRvcFkkYXJjaGl2ZXJYJG9iamVjdHMSAAGGoNEHCFRyb290gAFfEA9OU0tleWVkQXJjaGl2ZXKoCwwXGBkdJCVVJG51bGzTDQ4PEBEUViRjbGFzc1dOUy5rZXlzWk5TLm9iamVjdHOAB6ISE4ACgAOiFRaABIAGWWFsaWFzRGF0YVxyZWxhdGl2ZVBhdGjSDRobHFdOUy5kYXRhgAVPEQHYAAAAAAHYAAIAAAxNYWNpbnRvc2ggSEQAAAAAAAAAAAAAAAAAAADB5v6iSCsAAAAIvTAUUGxhY2VfMjAwNmphbW9tYS5wZGYAAAAAAAAAAAAAAAAAAAAAAAAAAAAAAAAAAAAAAAAAAAAAAAAAAAAAAAAAAAi9h8DVpxxQREYgcHJ2dwAEAAQAAAkgAAAAAAAAAAAAAAAAAAAAEF9iaWJkZXNrX2luZGV4ZWQAEAAIAADB5vCSAAAAEQAIAADA1Yr8AAAAAQAUAAi9MAAIvS4ACKNOAAfwVAAAbyAAAgBTTWFjaW50b3NoIEhEOlVzZXJzOmxvc3NpdXM6RG9jdW1lbnRzOkFydGlrbGVyOl9iaWJkZXNrX2luZGV4ZWQ6UGxhY2VfMjAwNmphbW9tYS5wZGYAAA4AKgAUAFAAbABhAGMAZQBfADIAMAAwADYAagBhAG0AbwBtAGEALgBwAGQAZgAPABoADABNAGEAYwBpAG4AdABvAHMAaAAgAEgARAASAEZVc2Vycy9sb3NzaXVzL0RvY3VtZW50cy9BcnRpa2xlci9fYmliZGVza19pbmRleGVkL1BsYWNlXzIwMDZqYW1vbWEucGRmABMAAS8AABUAAgAO//8AANIeHyAhWCRjbGFzc2VzWiRjbGFzc25hbWWjISIjXU5TTXV0YWJsZURhdGFWTlNEYXRhWE5TT2JqZWN0XxBELi4vLi4vLi4vLi4vRG9jdW1lbnRzL0FydGlrbGVyL19iaWJkZXNrX2luZGV4ZWQvUGxhY2VfMjAwNmphbW9tYS5wZGbSHh8mJ6InI1xOU0RpY3Rpb25hcnkACAARABoAHwApADIANwA6AD8AQQBTAFwAYgBpAHAAeACDAIUAiACKAIwAjwCRAJMAnQCqAK8AtwC5ApUCmgKjAq4CsgLAAscC0AMXAxwDHwAAAAAAAAIBAAAAAAAAACgAAAAAAAAAAAAAAAAAAAMs}}

@inproceedings{Peters:2008spatdif,
	Author = {Nils Peters},
	Booktitle = {Proceedings of the 2008 International Computer Music Conference},
	Date-Added = {2008-05-02 14:17:17 +0200},
	Date-Modified = {2008-05-02 17:48:07 +0200},
	Keywords = {spatialisation, SpatDIF, Jamoma},
	Title = {{Proposing SpatDIF - The Spatial Sound Description Interchange Format}},
	Year = {2008}}

@book{Wishart:1996sonic_art,
	Abstract = {In his ground-braking book On Sonic Art trevor Wishart takes a wide-ranging look at the new developments in music-making and musical aesthetics made possible by the advent of the computer and digital information processing. His emphasis is on musicla rather than technical matters. Beginning with a critical analysis of the assumptions underlying the Western musical traditions and the traditional acoustic theories of Pythagoras and Helmholtz, he goes on to look in detail at such topics as the musical organization of complex sound-objects, using motion of sound and the various dimensions of human and non-human utterance. In doing so, he seeks to learn lessons from areas (poetry and sound-poetry, film sound effects and animal communication) not traditionally associated with the field of music.},
	Author = {Wishart, Trevor},
	Booktitle = {On Sonic Art. A New and Revised Edition},
	Citeulike-Article-Id = {1069876},
	Date-Added = {2008-05-02 12:56:06 +0200},
	Date-Modified = {2008-05-02 17:49:53 +0200},
	Editor = {Emmerson, Simon},
	Howpublished = {Inc. CD},
	Keywords = {electronic music, music, sound, soundart},
	Priority = {2},
	Publisher = {Ed. S. Emmerson. Routledge},
	Title = {{On sonic art. A new and revised edition}},
	Url = {http://www.amazon.co.uk/Sonic-Art-Inc-CD/dp/371865847X/sr=8-1/qid=1169846574/ref=pd_ka_1/026-5817699-1838837?ie=UTF8\&s=books},
	Year = {1996},
	Bdsk-Url-1 = {http://www.amazon.co.uk/Sonic-Art-Inc-CD/dp/371865847X/sr=8-1/qid=1169846574/ref=pd_ka_1/026-5817699-1838837?ie=UTF8%5C&s=books}}

@book{Bishop:2005installation,
	Author = {C. Bishop},
	Date-Added = {2008-04-21 01:21:27 +0200},
	Date-Modified = {2008-05-02 17:46:26 +0200},
	Keywords = {installation, art},
	Publisher = {Tate Publishing},
	Title = {{Installation art: A critical history}},
	Year = {2005}}

@article{Gerzon:1985ambi_broadcast,
	Abstract = {The FCC's effective deregulation of FM multichannel broadcasting standards, and the advent of multichannel audio via satellite, cable, and video systems, pose the question of the most effective use of 3 or 4 related audio channels. The Ambisonic UHJ hierarchy for transmitting total sound fields offers more varied mutually compatible applications than do other proposals (such as quadraphonics), with options up to and including full-sphere ("periphonic") directional reproduction. These options are detailed, including mono, stereo, 2-, 2 1/2-, 3-, and 4-channel horizontal surround encoding, 4-channel periphony, and a range of user sound field adjustments in stereo and psychoacoustically optimized surround-sound reproduction modes.},
	Annote = {The FCC's effective deregulation of FM multichannel broadcasting standards, and 
the advent of multichannel audio via satellite, cable, and video systems, pose the 
question of the most effective use of 3 or 4 related audio channels. The Ambisonic 
UHJ hierarchy for transmitting total sound fields offers more varied mutually compatible 
applications than do other proposals (such as quadraphonics), with options up to and 
including full-sphere ("periphonic") directional reproduction. These options are detailed, 
including mono, stereo, 2-, 2V2, 3-, and 4-channel horizontal surround encoding, 4- 
channel periphony, and a range of user sound field adjustments in stereo and psychoa- 
coustically optimized surround-sound reproduction modes. },
	Author = {Gerzon, M. A.},
	Date-Added = {2008-04-21 01:07:02 +0200},
	Date-Modified = {2008-05-03 12:19:10 +0200},
	Journal = {Journal of the Audio Engineering Society},
	Keywords = {ambisonics, spatialisation},
	Local-Url = {file://localhost/Users/lossius/Documents/Artikler/_bibdesk_indexed/Gerzon_1985ambi_broadcasting.pdf},
	Month = {November},
	Number = {11},
	Pages = {859-871},
	Title = {{Ambisonics in multichannel broadcasting and video}},
	Volume = {33},
	Year = {1985},
	Bdsk-File-1 = {YnBsaXN0MDDUAQIDBAUGCQpYJHZlcnNpb25UJHRvcFkkYXJjaGl2ZXJYJG9iamVjdHMSAAGGoNEHCFRyb290gAFfEA9OU0tleWVkQXJjaGl2ZXKoCwwXGBkdJCVVJG51bGzTDQ4PEBEUViRjbGFzc1dOUy5rZXlzWk5TLm9iamVjdHOAB6ISE4ACgAOiFRaABIAGWWFsaWFzRGF0YVxyZWxhdGl2ZVBhdGjSDRobHFdOUy5kYXRhgAVPEQIGAAAAAAIGAAIAAAxNYWNpbnRvc2ggSEQAAAAAAAAAAAAAAAAAAADB5v6iSCsAAAAIvTAfR2Vyem9uXzE5ODVhbWJpX2Jyb2FkIzhCRDUyLnBkZgAAAAAAAAAAAAAAAAAAAAAAAAAAAAAAAAAAAAAAAAAAAAi9UrxZTlYAAAAAAAAAAAAEAAQAAAkgAAAAAAAAAAAAAAAAAAAAEF9iaWJkZXNrX2luZGV4ZWQAEAAIAADB5vCSAAAAEQAIAAC8WUBGAAAAAQAUAAi9MAAIvS4ACKNOAAfwVAAAbyAAAgBeTWFjaW50b3NoIEhEOlVzZXJzOmxvc3NpdXM6RG9jdW1lbnRzOkFydGlrbGVyOl9iaWJkZXNrX2luZGV4ZWQ6R2Vyem9uXzE5ODVhbWJpX2Jyb2FkIzhCRDUyLnBkZgAOAEIAIABHAGUAcgB6AG8AbgBfADEAOQA4ADUAYQBtAGIAaQBfAGIAcgBvAGEAZABjAGEAcwB0AGkAbgBnAC4AcABkAGYADwAaAAwATQBhAGMAaQBuAHQAbwBzAGgAIABIAEQAEgBSVXNlcnMvbG9zc2l1cy9Eb2N1bWVudHMvQXJ0aWtsZXIvX2JpYmRlc2tfaW5kZXhlZC9HZXJ6b25fMTk4NWFtYmlfYnJvYWRjYXN0aW5nLnBkZgATAAEvAAAVAAIADv//AADSHh8gIVgkY2xhc3Nlc1okY2xhc3NuYW1loyEiI11OU011dGFibGVEYXRhVk5TRGF0YVhOU09iamVjdF8QUC4uLy4uLy4uLy4uL0RvY3VtZW50cy9BcnRpa2xlci9fYmliZGVza19pbmRleGVkL0dlcnpvbl8xOTg1YW1iaV9icm9hZGNhc3RpbmcucGRm0h4fJieiJyNcTlNEaWN0aW9uYXJ5AAgAEQAaAB8AKQAyADcAOgA/AEEAUwBcAGIAaQBwAHgAgwCFAIgAigCMAI8AkQCTAJ0AqgCvALcAuQLDAsgC0QLcAuAC7gL1Av4DUQNWA1kAAAAAAAACAQAAAAAAAAAoAAAAAAAAAAAAAAAAAAADZg==}}

@inproceedings{Gerzon:1992metatheory,
	Abstract = {This paper presents a general metatheory (theory of theories) 
of directional sound localisation suited to the design of 
directional sound reproduction systems using loudspeakers. 
It is shown that any theory of localisation can be 
expressed as a composite of "primitive" component theories 
based on three hierarchies: degree of nonlinearity, order 
of spherical-harmonic directionality, and degree of use of 
head movement. These component primitive theories are 
mathematically tractable for design purposes. An appendix 
illustrates applications of the metatheory to previous 
models for stereo localisation. 
},
	Annote = {This paper presents a general metatheory (theory of theories) 
of directional sound localisation suited to the design of 
directional sound reproduction systems using loudspeakers. 
It is shown that any theory of localisation can be 
expressed as a composite of "primitive" component theories 
based on three hierarchies: degree of nonlinearity, order 
of spherical-harmonic directionality, and degree of use of 
head movement. These component primitive theories are 
mathematically tractable for design purposes. An appendix 
illustrates applications of the metatheory to previous 
models for stereo localisation. 
},
	Author = {Gerzon, M. A.},
	Booktitle = {Pre-prints of the 92nd AES Convention, Vienna, March},
	Date-Added = {2008-04-21 01:07:02 +0200},
	Date-Modified = {2008-05-03 12:19:19 +0200},
	Keywords = {ambisonics, spatialisation},
	Local-Url = {file://localhost/Users/lossius/Documents/Artikler/_bibdesk_indexed/Gerzone_1992metatheory.pdf},
	Title = {{General metatheory of auditory localisation}},
	Year = {1992},
	Bdsk-File-1 = {YnBsaXN0MDDUAQIDBAUGCQpYJHZlcnNpb25UJHRvcFkkYXJjaGl2ZXJYJG9iamVjdHMSAAGGoNEHCFRyb290gAFfEA9OU0tleWVkQXJjaGl2ZXKoCwwXGBkdJCVVJG51bGzTDQ4PEBEUViRjbGFzc1dOUy5rZXlzWk5TLm9iamVjdHOAB6ISE4ACgAOiFRaABIAGWWFsaWFzRGF0YVxyZWxhdGl2ZVBhdGjSDRobHFdOUy5kYXRhgAVPEQHwAAAAAAHwAAIAAAxNYWNpbnRvc2ggSEQAAAAAAAAAAAAAAAAAAADB5v6iSCsAAAAIvTAaR2Vyem9uZV8xOTkybWV0YXRoZW9yeS5wZGYAAAAAAAAAAAAAAAAAAAAAAAAAAAAAAAAAAAAAAAAAAAAAAAAAAAi9VbxbJ1AAAAAAAAAAAAAEAAQAAAkgAAAAAAAAAAAAAAAAAAAAEF9iaWJkZXNrX2luZGV4ZWQAEAAIAADB5vCSAAAAEQAIAAC8WxlAAAAAAQAUAAi9MAAIvS4ACKNOAAfwVAAAbyAAAgBZTWFjaW50b3NoIEhEOlVzZXJzOmxvc3NpdXM6RG9jdW1lbnRzOkFydGlrbGVyOl9iaWJkZXNrX2luZGV4ZWQ6R2Vyem9uZV8xOTkybWV0YXRoZW9yeS5wZGYAAA4ANgAaAEcAZQByAHoAbwBuAGUAXwAxADkAOQAyAG0AZQB0AGEAdABoAGUAbwByAHkALgBwAGQAZgAPABoADABNAGEAYwBpAG4AdABvAHMAaAAgAEgARAASAExVc2Vycy9sb3NzaXVzL0RvY3VtZW50cy9BcnRpa2xlci9fYmliZGVza19pbmRleGVkL0dlcnpvbmVfMTk5Mm1ldGF0aGVvcnkucGRmABMAAS8AABUAAgAO//8AANIeHyAhWCRjbGFzc2VzWiRjbGFzc25hbWWjISIjXU5TTXV0YWJsZURhdGFWTlNEYXRhWE5TT2JqZWN0XxBKLi4vLi4vLi4vLi4vRG9jdW1lbnRzL0FydGlrbGVyL19iaWJkZXNrX2luZGV4ZWQvR2Vyem9uZV8xOTkybWV0YXRoZW9yeS5wZGbSHh8mJ6InI1xOU0RpY3Rpb25hcnkACAARABoAHwApADIANwA6AD8AQQBTAFwAYgBpAHAAeACDAIUAiACKAIwAjwCRAJMAnQCqAK8AtwC5Aq0CsgK7AsYCygLYAt8C6AM1AzoDPQAAAAAAAAIBAAAAAAAAACgAAAAAAAAAAAAAAAAAAANK}}

@article{Pulkki:1997vbap,
	Author = {Pulkki, V.},
	Date-Added = {2008-04-21 00:57:55 +0200},
	Date-Modified = {2008-05-02 17:48:29 +0200},
	Journal = {Journal of the Audio Engineering Society},
	Keywords = {spatialisation, vbap},
	Local-Url = {file://localhost/Users/lossius/Documents/Artikler/_bibdesk_indexed/Pulkki_1997vbap.pdf},
	Month = {June},
	Pages = {456-466},
	Title = {{Virtual sound source positioning using vector base amplitude panning}},
	Url = {http://lib.tkk.fi/Diss/2001/isbn9512255324/},
	Volume = {45(6)},
	Year = {1997},
	Bdsk-File-1 = {YnBsaXN0MDDUAQIDBAUGCQpYJHZlcnNpb25UJHRvcFkkYXJjaGl2ZXJYJG9iamVjdHMSAAGGoNEHCFRyb290gAFfEA9OU0tleWVkQXJjaGl2ZXKoCwwXGBkdJCVVJG51bGzTDQ4PEBEUViRjbGFzc1dOUy5rZXlzWk5TLm9iamVjdHOAB6ISE4ACgAOiFRaABIAGWWFsaWFzRGF0YVxyZWxhdGl2ZVBhdGjSDRobHFdOUy5kYXRhgAVPEQHUAAAAAAHUAAIAAAxNYWNpbnRvc2ggSEQAAAAAAAAAAAAAAAAAAADB5v6iSCsAAAAIvTATUHVsa2tpXzE5OTd2YmFwLnBkZgAAAAAAAAAAAAAAAAAAAAAAAAAAAAAAAAAAAAAAAAAAAAAAAAAAAAAAAAAAAAi9icBtQiQAAAAAAAAAAAAEAAQAAAkgAAAAAAAAAAAAAAAAAAAAEF9iaWJkZXNrX2luZGV4ZWQAEAAIAADB5vCSAAAAEQAIAADAbSYEAAAAAQAUAAi9MAAIvS4ACKNOAAfwVAAAbyAAAgBSTWFjaW50b3NoIEhEOlVzZXJzOmxvc3NpdXM6RG9jdW1lbnRzOkFydGlrbGVyOl9iaWJkZXNrX2luZGV4ZWQ6UHVsa2tpXzE5OTd2YmFwLnBkZgAOACgAEwBQAHUAbABrAGsAaQBfADEAOQA5ADcAdgBiAGEAcAAuAHAAZABmAA8AGgAMAE0AYQBjAGkAbgB0AG8AcwBoACAASABEABIARVVzZXJzL2xvc3NpdXMvRG9jdW1lbnRzL0FydGlrbGVyL19iaWJkZXNrX2luZGV4ZWQvUHVsa2tpXzE5OTd2YmFwLnBkZgAAEwABLwAAFQACAA7//wAA0h4fICFYJGNsYXNzZXNaJGNsYXNzbmFtZaMhIiNdTlNNdXRhYmxlRGF0YVZOU0RhdGFYTlNPYmplY3RfEEMuLi8uLi8uLi8uLi9Eb2N1bWVudHMvQXJ0aWtsZXIvX2JpYmRlc2tfaW5kZXhlZC9QdWxra2lfMTk5N3ZiYXAucGRm0h4fJieiJyNcTlNEaWN0aW9uYXJ5AAgAEQAaAB8AKQAyADcAOgA/AEEAUwBcAGIAaQBwAHgAgwCFAIgAigCMAI8AkQCTAJ0AqgCvALcAuQKRApYCnwKqAq4CvALDAswDEgMXAxoAAAAAAAACAQAAAAAAAAAoAAAAAAAAAAAAAAAAAAADJw==},
	Bdsk-Url-1 = {http://lib.tkk.fi/Diss/2001/isbn9512255324/}}

@techreport{ITU:1993_surround_5:1,
	Author = {ITU},
	Date-Added = {2008-04-21 00:55:14 +0200},
	Date-Modified = {2008-05-02 17:47:25 +0200},
	Institution = {International Telecommunications Union},
	Keywords = {spatialisation},
	Title = {{Recommendation BS. 775: Multi-channel stereophonic sound system with or without accompanying picture}},
	Year = {1993}}

@phdthesis{lossius:2007sound_space_body,
	Author = {T. Lossius},
	Date-Added = {2008-04-21 00:36:08 +0200},
	Date-Modified = {2008-05-02 17:47:53 +0200},
	Keywords = {spatialisation, art-based research, trond},
	School = {Bergen National Academy of the Arts},
	Title = {{Sound space body: Reflections on artistic practice}},
	Year = {2007}}

@comment{BibDesk Static Groups{
<?xml version="1.0" encoding="UTF-8"?>
<!DOCTYPE plist PUBLIC "-//Apple//DTD PLIST 1.0//EN" "http://www.apple.com/DTDs/PropertyList-1.0.dtd">
<plist version="1.0">
<array>
	<dict>
		<key>group name</key>
		<string>Check out</string>
		<key>keys</key>
		<string></string>
	</dict>
</array>
</plist>
}}
