
%% Created for lossius at 2008-02-04 08:22:26 +0100 


%% Saved with string encoding Western (ASCII) 

@bibdesk_info{document_info,
	Author = {Alexander Refsum Jensenius}
}


@techreport{Wright:2002,
	Author = {Wright, Matthew},
	Date-Added = {2008-02-04 08:16:29 +0100},
	Date-Modified = {2008-02-04 08:22:26 +0100},
	Institution = {Avaliable: \texttt{http://opensoundcontrol.org/spec-1\_0}},
	Title = {{The Open Sound Control 1.0 Specification. Version 1.0}},
	Year = {2002}}

@techreport{xml:2006,
	Author = {T. Bray, and Jean Paoli, and C. M. Sperberg-McQueen, and Eve Maler, and Fran{\c c}ois Yergeau},
	Bdsk-Url-1 = {http://www.w3.org/TR/2006/REC-xml-20060816/},
	Date-Added = {2008-02-03 14:20:09 -0600},
	Date-Modified = {2008-02-03 14:20:09 -0600},
	Institution = {W3C},
	Keywords = {xml},
	Month = {September},
	Title = {Extensible Markup Language (XML) 1.0 (Fourth Edition)},
	Url = {http://www.w3.org/TR/2006/REC-xml-20060816/},
	Year = {2006}}

@inproceedings{Wright:2004,
	Address = {Miami, FL},
	Author = {Wright, Matthew and Dannenberg, Roger and Pope, Stephen and Rodet, Xavier and Serra, Xavier and Wessel, David},
	Bdsk-File-1 = {YnBsaXN0MDDUAQIDBAUGCQpYJHZlcnNpb25UJHRvcFkkYXJjaGl2ZXJYJG9iamVjdHMSAAGGoNEHCFRyb290gAFfEA9OU0tleWVkQXJjaGl2ZXKoCwwXGBkdJCVVJG51bGzTDQ4PEBEUViRjbGFzc1dOUy5rZXlzWk5TLm9iamVjdHOAB6ISE4ACgAOiFRaABIAGWWFsaWFzRGF0YVxyZWxhdGl2ZVBhdGjSDRobHFdOUy5kYXRhgAVPEQGmAAAAAAGmAAIAAAxNYWNpbnRvc2ggSEQAAAAAAAAAAAAAAAAAAADAarUXSCsAAAAejKwPV3JpZ2h0XzIwMDQucGRmAAAAAAAAAAAAAAAAAAAAAAAAAAAAAAAAAAAAAAAAAAAAAAAAAAAAAAAAAAAAAAAAACdBKcIA9WRQREYgcHJ2dwAFAAQAAAkgAAAAAAAAAAAAAAAAAAAABldyaWdodAAQAAgAAMBqmPcAAAARAAgAAMIA51QAAAABABQAHoysABwcVgAIZGUACFnRAABohQACAERNYWNpbnRvc2ggSEQ6VXNlcnM6YWxleGFuamU6UmVmZXJlbmNlOkJpYmRlc2s6V3JpZ2h0OldyaWdodF8yMDA0LnBkZgAOACAADwBXAHIAaQBnAGgAdABfADIAMAAwADQALgBwAGQAZgAPABoADABNAGEAYwBpAG4AdABvAHMAaAAgAEgARAASADdVc2Vycy9hbGV4YW5qZS9SZWZlcmVuY2UvQmliZGVzay9XcmlnaHQvV3JpZ2h0XzIwMDQucGRmAAATAAEvAAAVAAIAD///AADSHh8gIVgkY2xhc3Nlc1okY2xhc3NuYW1loyEiI11OU011dGFibGVEYXRhVk5TRGF0YVhOU09iamVjdF8QNy4uLy4uLy4uLy4uLy4uL1JlZmVyZW5jZS9CaWJkZXNrL1dyaWdodC9XcmlnaHRfMjAwNC5wZGbSHh8mJ6InI1xOU0RpY3Rpb25hcnkACAARABoAHwApADIANwA6AD8AQQBTAFwAYgBpAHAAeACDAIUAiACKAIwAjwCRAJMAnQCqAK8AtwC5AmMCaAJxAnwCgAKOApUCngLYAt0C4AAAAAAAAAIBAAAAAAAAACgAAAAAAAAAAAAAAAAAAALt},
	Booktitle = {Proceedings of the International Computer Music Conference},
	Date-Added = {2008-01-29 07:09:21 -0600},
	Date-Modified = {2008-02-03 21:06:06 +0100},
	Local-Url = {file://localhost/Users/alexanje/Reference/Bibdesk/Wright/Wright_2004.pdf},
	Pages = {711--714},
	Title = {Panel: Standards from the Computer Music Community},
	Year = {2004}}

@unpublished{Schmeder:2004oscqs,
	Author = {Schmeder, Andrew W. and Wright, Matthew},
	Date-Added = {2007-12-28 21:25:51 +0100},
	Date-Modified = {2007-12-28 21:33:03 +0100},
	Keywords = {osc},
	Month = {July},
	Note = {Draft Proposal},
	Title = {A Query System for {Open Sound Control}},
	Year = {2004}}

@unpublished{Habets:2005,
	Author = {Habets, Martin},
	Bdsk-File-1 = {YnBsaXN0MDDUAQIDBAUGCQpYJHZlcnNpb25UJHRvcFkkYXJjaGl2ZXJYJG9iamVjdHMSAAGGoNEHCFRyb290gAFfEA9OU0tleWVkQXJjaGl2ZXKoCwwXGBkdJCVVJG51bGzTDQ4PEBEUViRjbGFzc1dOUy5rZXlzWk5TLm9iamVjdHOAB6ISE4ACgAOiFRaABIAGWWFsaWFzRGF0YVxyZWxhdGl2ZVBhdGjSDRobHFdOUy5kYXRhgAVPEQGmAAAAAAGmAAIAAAxNYWNpbnRvc2ggSEQAAAAAAAAAAAAAAAAAAADAarUXSCsAAABbNjYPSGFiZXRzXzIwMDUucGRmAAAAAAAAAAAAAAAAAAAAAAAAAAAAAAAAAAAAAAAAAAAAAAAAAAAAAAAAAAAAAAAAAFs14sOIXsIAAAAAAAAAAAAFAAQAAAkgAAAAAAAAAAAAAAAAAAAABkhhYmV0cwAQAAgAAMBqmPcAAAARAAgAAMOIULIAAAABABQAWzY2ABwcVgAIZGUACFnRAABohQACAERNYWNpbnRvc2ggSEQ6VXNlcnM6YWxleGFuamU6UmVmZXJlbmNlOkJpYmRlc2s6SGFiZXRzOkhhYmV0c18yMDA1LnBkZgAOACAADwBIAGEAYgBlAHQAcwBfADIAMAAwADUALgBwAGQAZgAPABoADABNAGEAYwBpAG4AdABvAHMAaAAgAEgARAASADdVc2Vycy9hbGV4YW5qZS9SZWZlcmVuY2UvQmliZGVzay9IYWJldHMvSGFiZXRzXzIwMDUucGRmAAATAAEvAAAVAAIAD///AADSHh8gIVgkY2xhc3Nlc1okY2xhc3NuYW1loyEiI11OU011dGFibGVEYXRhVk5TRGF0YVhOU09iamVjdF8QNy4uLy4uLy4uLy4uLy4uL1JlZmVyZW5jZS9CaWJkZXNrL0hhYmV0cy9IYWJldHNfMjAwNS5wZGbSHh8mJ6InI1xOU0RpY3Rpb25hcnkACAARABoAHwApADIANwA6AD8AQQBTAFwAYgBpAHAAeACDAIUAiACKAIwAjwCRAJMAnQCqAK8AtwC5AmMCaAJxAnwCgAKOApUCngLYAt0C4AAAAAAAAAIBAAAAAAAAACgAAAAAAAAAAAAAAAAAAALt},
	Date-Added = {2007-12-14 16:35:29 +0100},
	Date-Modified = {2008-02-03 20:56:58 +0100},
	Note = {System version 0.0.1},
	Title = {{OSCQS - Schema for Open Sound Control Query}},
	Year = {2005}}

@inproceedings{Malloch:2007,
	Address = {Copenhagen},
	Author = {Malloch, Joseph and Sinclair, S. and Wanderley, Marcelo M.},
	Bdsk-File-1 = {YnBsaXN0MDDUAQIDBAUGCQpYJHZlcnNpb25UJHRvcFkkYXJjaGl2ZXJYJG9iamVjdHMSAAGGoNEHCFRyb290gAFfEA9OU0tleWVkQXJjaGl2ZXKoCwwXGBkdJCVVJG51bGzTDQ4PEBEUViRjbGFzc1dOUy5rZXlzWk5TLm9iamVjdHOAB6ISE4ACgAOiFRaABIAGWWFsaWFzRGF0YVxyZWxhdGl2ZVBhdGjSDRobHFdOUy5kYXRhgAVPEQGuAAAAAAGuAAIAAAxNYWNpbnRvc2ggSEQAAAAAAAAAAAAAAAAAAADAarUXSCsAAAAkW18QTWFsbG9jaF8yMDA3LnBkZgAAAAAAAAAAAAAAAAAAAAAAAAAAAAAAAAAAAAAAAAAAAAAAAAAAAAAAAAAAAAAAADNiNcKVoq1QREYgcHJ2dwAFAAQAAAkgAAAAAAAAAAAAAAAAAAAAB01hbGxvY2gAABAACAAAwGqY9wAAABEACAAAwpWGjQAAAAEAFAAkW18AHBxWAAhkZQAIWdEAAGiFAAIARk1hY2ludG9zaCBIRDpVc2VyczphbGV4YW5qZTpSZWZlcmVuY2U6QmliZGVzazpNYWxsb2NoOk1hbGxvY2hfMjAwNy5wZGYADgAiABAATQBhAGwAbABvAGMAaABfADIAMAAwADcALgBwAGQAZgAPABoADABNAGEAYwBpAG4AdABvAHMAaAAgAEgARAASADlVc2Vycy9hbGV4YW5qZS9SZWZlcmVuY2UvQmliZGVzay9NYWxsb2NoL01hbGxvY2hfMjAwNy5wZGYAABMAAS8AABUAAgAP//8AANIeHyAhWCRjbGFzc2VzWiRjbGFzc25hbWWjISIjXU5TTXV0YWJsZURhdGFWTlNEYXRhWE5TT2JqZWN0XxA5Li4vLi4vLi4vLi4vLi4vUmVmZXJlbmNlL0JpYmRlc2svTWFsbG9jaC9NYWxsb2NoXzIwMDcucGRm0h4fJieiJyNcTlNEaWN0aW9uYXJ5AAgAEQAaAB8AKQAyADcAOgA/AEEAUwBcAGIAaQBwAHgAgwCFAIgAigCMAI8AkQCTAJ0AqgCvALcAuQJrAnACeQKEAogClgKdAqYC4gLnAuoAAAAAAAACAQAAAAAAAAAoAAAAAAAAAAAAAAAAAAAC9w==},
	Booktitle = {Proceedings of the International Computer Music Conference},
	Date-Added = {2007-12-14 16:30:11 +0100},
	Date-Modified = {2008-02-03 21:05:41 +0100},
	Title = {From Controller to Sound: Tools for Collaborative Development of Digital Musical Instruments},
	Year = {2007}}

@inproceedings{Coduys:2004,
	Author = {Coduys, T. and Ferry, G.},
	Booktitle = {Proceedings of the International Conference on Sound and Music Computing},
	Date-Added = {2007-12-14 15:49:30 +0100},
	Date-Modified = {2008-02-03 20:56:30 +0100},
	Title = {{IanniX} aesthetical/symbolic visualisations for hypermedia composition},
	Year = {2004}}

@inproceedings{Kaltenbrunner:2005,
	Author = {Kaltenbrunner, M. and Bovermann, T. and Bencina, R. and Costanza, E.},
	Bdsk-File-1 = {YnBsaXN0MDDUAQIDBAUGCQpYJHZlcnNpb25UJHRvcFkkYXJjaGl2ZXJYJG9iamVjdHMSAAGGoNEHCFRyb290gAFfEA9OU0tleWVkQXJjaGl2ZXKoCwwXGBkdJCVVJG51bGzTDQ4PEBEUViRjbGFzc1dOUy5rZXlzWk5TLm9iamVjdHOAB6ISE4ACgAOiFRaABIAGWWFsaWFzRGF0YVxyZWxhdGl2ZVBhdGjSDRobHFdOUy5kYXRhgAVPEQHYAAAAAAHYAAIAAAxNYWNpbnRvc2ggSEQAAAAAAAAAAAAAAAAAAADAarUXSCsAAAAjZHYWS2FsdGVuYnJ1bm5lcl8yMDA1LnBkZgAAAAAAAAAAAAAAAAAAAAAAAAAAAAAAAAAAAAAAAAAAAAAAAAAAAAAAACNhu8HfsocAAAAAAAAAAAAFAAQAAAkgAAAAAAAAAAAAAAAAAAAADUthbHRlbmJydW5uZXIAABAACAAAwGqY9wAAABEACAAAwd+kdwAAAAEAFAAjZHYAHBxWAAhkZQAIWdEAAGiFAAIAUk1hY2ludG9zaCBIRDpVc2VyczphbGV4YW5qZTpSZWZlcmVuY2U6QmliZGVzazpLYWx0ZW5icnVubmVyOkthbHRlbmJydW5uZXJfMjAwNS5wZGYADgAuABYASwBhAGwAdABlAG4AYgByAHUAbgBuAGUAcgBfADIAMAAwADUALgBwAGQAZgAPABoADABNAGEAYwBpAG4AdABvAHMAaAAgAEgARAASAEVVc2Vycy9hbGV4YW5qZS9SZWZlcmVuY2UvQmliZGVzay9LYWx0ZW5icnVubmVyL0thbHRlbmJydW5uZXJfMjAwNS5wZGYAABMAAS8AABUAAgAP//8AANIeHyAhWCRjbGFzc2VzWiRjbGFzc25hbWWjISIjXU5TTXV0YWJsZURhdGFWTlNEYXRhWE5TT2JqZWN0XxBFLi4vLi4vLi4vLi4vLi4vUmVmZXJlbmNlL0JpYmRlc2svS2FsdGVuYnJ1bm5lci9LYWx0ZW5icnVubmVyXzIwMDUucGRm0h4fJieiJyNcTlNEaWN0aW9uYXJ5AAgAEQAaAB8AKQAyADcAOgA/AEEAUwBcAGIAaQBwAHgAgwCFAIgAigCMAI8AkQCTAJ0AqgCvALcAuQKVApoCowKuArICwALHAtADGAMdAyAAAAAAAAACAQAAAAAAAAAoAAAAAAAAAAAAAAAAAAADLQ==},
	Booktitle = {Proceedings of the 6th International Gesture Workshop, Vannes, France, 18-21 May},
	Date-Added = {2007-12-14 15:29:49 +0100},
	Date-Modified = {2007-12-14 15:29:49 +0100},
	Keywords = {Musical Gestures},
	Local-Url = {file://localhost/Users/alexanje/Reference/Bibdesk/Kaltenbrunner/Kaltenbrunner_2005.pdf},
	Title = {TUIO - A Protocol for Table Based Tangible User Interfaces},
	Year = {2005}}

@unpublished{Jazzmutant:2006,
	Author = {Jazzmutant},
	Bdsk-File-1 = {YnBsaXN0MDDUAQIDBAUGCQpYJHZlcnNpb25UJHRvcFkkYXJjaGl2ZXJYJG9iamVjdHMSAAGGoNEHCFRyb290gAFfEA9OU0tleWVkQXJjaGl2ZXKoCwwXGBkdJCVVJG51bGzTDQ4PEBEUViRjbGFzc1dOUy5rZXlzWk5TLm9iamVjdHOAB6ISE4ACgAOiFRaABIAGWWFsaWFzRGF0YVxyZWxhdGl2ZVBhdGjSDRobHFdOUy5kYXRhgAVPEQHCAAAAAAHCAAIAAAxNYWNpbnRvc2ggSEQAAAAAAAAAAAAAAAAAAADAarUXSCsAAAAj6SYTSmF6em11dGFudF8yMDA2LnBkZgAAAAAAAAAAAAAAAAAAAAAAAAAAAAAAAAAAAAAAAAAAAAAAAAAAAAAAAAAAAC21TcJBvbEAAAAAAAAAAAAFAAQAAAkgAAAAAAAAAAAAAAAAAAAACkphenptdXRhbnQAEAAIAADAapj3AAAAEQAIAADCQaGRAAAAAQAUACPpJgAcHFYACGRlAAhZ0QAAaIUAAgBMTWFjaW50b3NoIEhEOlVzZXJzOmFsZXhhbmplOlJlZmVyZW5jZTpCaWJkZXNrOkphenptdXRhbnQ6SmF6em11dGFudF8yMDA2LnBkZgAOACgAEwBKAGEAegB6AG0AdQB0AGEAbgB0AF8AMgAwADAANgAuAHAAZABmAA8AGgAMAE0AYQBjAGkAbgB0AG8AcwBoACAASABEABIAP1VzZXJzL2FsZXhhbmplL1JlZmVyZW5jZS9CaWJkZXNrL0phenptdXRhbnQvSmF6em11dGFudF8yMDA2LnBkZgAAEwABLwAAFQACAA///wAA0h4fICFYJGNsYXNzZXNaJGNsYXNzbmFtZaMhIiNdTlNNdXRhYmxlRGF0YVZOU0RhdGFYTlNPYmplY3RfED8uLi8uLi8uLi8uLi8uLi9SZWZlcmVuY2UvQmliZGVzay9KYXp6bXV0YW50L0phenptdXRhbnRfMjAwNi5wZGbSHh8mJ6InI1xOU0RpY3Rpb25hcnkACAARABoAHwApADIANwA6AD8AQQBTAFwAYgBpAHAAeACDAIUAiACKAIwAjwCRAJMAnQCqAK8AtwC5An8ChAKNApgCnAKqArECugL8AwEDBAAAAAAAAAIBAAAAAAAAACgAAAAAAAAAAAAAAAAAAAMR},
	Date-Added = {2007-12-14 12:22:05 +0100},
	Date-Modified = {2008-02-03 20:57:29 +0100},
	Note = {Draft Presented at {OSC}-meeting, {NIME} 2006},
	Title = {Extension and Enhancement of the {OSC} Protocol},
	Year = {2006}}

@unpublished{Jazzmutant:2007,
	Author = {Jazzmutant},
	Bdsk-File-1 = {YnBsaXN0MDDUAQIDBAUGCQpYJHZlcnNpb25UJHRvcFkkYXJjaGl2ZXJYJG9iamVjdHMSAAGGoNEHCFRyb290gAFfEA9OU0tleWVkQXJjaGl2ZXKoCwwXGBkdJCVVJG51bGzTDQ4PEBEUViRjbGFzc1dOUy5rZXlzWk5TLm9iamVjdHOAB6ISE4ACgAOiFRaABIAGWWFsaWFzRGF0YVxyZWxhdGl2ZVBhdGjSDRobHFdOUy5kYXRhgAVPEQHCAAAAAAHCAAIAAAxNYWNpbnRvc2ggSEQAAAAAAAAAAAAAAAAAAADAarUXSCsAAAAj6SYTSmF6em11dGFudF8yMDA3LnBkZgAAAAAAAAAAAAAAAAAAAAAAAAAAAAAAAAAAAAAAAAAAAAAAAAAAAAAAAAAAAEB0l8NE/dMAAAAAAAAAAAAFAAQAAAkgAAAAAAAAAAAAAAAAAAAACkphenptdXRhbnQAEAAIAADAapj3AAAAEQAIAADDROGzAAAAAQAUACPpJgAcHFYACGRlAAhZ0QAAaIUAAgBMTWFjaW50b3NoIEhEOlVzZXJzOmFsZXhhbmplOlJlZmVyZW5jZTpCaWJkZXNrOkphenptdXRhbnQ6SmF6em11dGFudF8yMDA3LnBkZgAOACgAEwBKAGEAegB6AG0AdQB0AGEAbgB0AF8AMgAwADAANwAuAHAAZABmAA8AGgAMAE0AYQBjAGkAbgB0AG8AcwBoACAASABEABIAP1VzZXJzL2FsZXhhbmplL1JlZmVyZW5jZS9CaWJkZXNrL0phenptdXRhbnQvSmF6em11dGFudF8yMDA3LnBkZgAAEwABLwAAFQACAA///wAA0h4fICFYJGNsYXNzZXNaJGNsYXNzbmFtZaMhIiNdTlNNdXRhYmxlRGF0YVZOU0RhdGFYTlNPYmplY3RfED8uLi8uLi8uLi8uLi8uLi9SZWZlcmVuY2UvQmliZGVzay9KYXp6bXV0YW50L0phenptdXRhbnRfMjAwNy5wZGbSHh8mJ6InI1xOU0RpY3Rpb25hcnkACAARABoAHwApADIANwA6AD8AQQBTAFwAYgBpAHAAeACDAIUAiACKAIwAjwCRAJMAnQCqAK8AtwC5An8ChAKNApgCnAKqArECugL8AwEDBAAAAAAAAAIBAAAAAAAAACgAAAAAAAAAAAAAAAAAAAMR},
	Date-Added = {2007-12-14 12:19:52 +0100},
	Date-Modified = {2007-12-28 21:27:46 +0100},
	Keywords = {osc},
	Local-Url = {file://localhost/Users/alexanje/Reference/Bibdesk/Jazzmutant/Jazzmutant_2007.pdf},
	Note = {Draft 25 July},
	Title = {Extension and Enhancement of the {OSC} Protocol},
	Year = {2007}}

@inproceedings{Bullock:2007,
	Address = {Copenhagen},
	Author = {Bullock, Jamie and Frisk, Henrik},
	Bdsk-File-1 = {YnBsaXN0MDDUAQIDBAUGCQpYJHZlcnNpb25UJHRvcFkkYXJjaGl2ZXJYJG9iamVjdHMSAAGGoNEHCFRyb290gAFfEA9OU0tleWVkQXJjaGl2ZXKoCwwXGBkdJCVVJG51bGzTDQ4PEBEUViRjbGFzc1dOUy5rZXlzWk5TLm9iamVjdHOAB6ISE4ACgAOiFRaABIAGWWFsaWFzRGF0YVxyZWxhdGl2ZVBhdGjSDRobHFdOUy5kYXRhgAVPEQGuAAAAAAGuAAIAAAxNYWNpbnRvc2ggSEQAAAAAAAAAAAAAAAAAAADAarUXSCsAAAAw39AQQnVsbG9ja18yMDA3LnBkZgAAAAAAAAAAAAAAAAAAAAAAAAAAAAAAAAAAAAAAAAAAAAAAAAAAAAAAAAAAAAAAADCLY8Jn1y4AAAAAAAAAAAAFAAQAAAkgAAAAAAAAAAAAAAAAAAAAB0J1bGxvY2sAABAACAAAwGqY9wAAABEACAAAwme7DgAAAAEAFAAw39AAHBxWAAhkZQAIWdEAAGiFAAIARk1hY2ludG9zaCBIRDpVc2VyczphbGV4YW5qZTpSZWZlcmVuY2U6QmliZGVzazpCdWxsb2NrOkJ1bGxvY2tfMjAwNy5wZGYADgAiABAAQgB1AGwAbABvAGMAawBfADIAMAAwADcALgBwAGQAZgAPABoADABNAGEAYwBpAG4AdABvAHMAaAAgAEgARAASADlVc2Vycy9hbGV4YW5qZS9SZWZlcmVuY2UvQmliZGVzay9CdWxsb2NrL0J1bGxvY2tfMjAwNy5wZGYAABMAAS8AABUAAgAP//8AANIeHyAhWCRjbGFzc2VzWiRjbGFzc25hbWWjISIjXU5TTXV0YWJsZURhdGFWTlNEYXRhWE5TT2JqZWN0XxA5Li4vLi4vLi4vLi4vLi4vUmVmZXJlbmNlL0JpYmRlc2svQnVsbG9jay9CdWxsb2NrXzIwMDcucGRm0h4fJieiJyNcTlNEaWN0aW9uYXJ5AAgAEQAaAB8AKQAyADcAOgA/AEEAUwBcAGIAaQBwAHgAgwCFAIgAigCMAI8AkQCTAJ0AqgCvALcAuQJrAnACeQKEAogClgKdAqYC4gLnAuoAAAAAAAACAQAAAAAAAAAoAAAAAAAAAAAAAAAAAAAC9w==},
	Booktitle = {Proceedings of ICMC},
	Date-Added = {2007-12-14 11:52:27 +0100},
	Date-Modified = {2008-02-03 20:56:13 +0100},
	Pages = {43--46},
	Title = {Libintegra: a System for Software-Independent Multimedia Module Description and Storage},
	Year = {2007}}

@inproceedings{Wright:2003,
	Address = {Montreal},
	Annote = {Wright M, Freed A, Momeni A : ``'', Proceedings of the 2003 Conference on New Interfaces for Musical 
Expression (NIME-03), Montreal, Canada. 
},
	Author = {Wright, Matthew and Freed, Adrian and Momeni, Ali},
	Bdsk-File-1 = {YnBsaXN0MDDUAQIDBAUGCQpYJHZlcnNpb25UJHRvcFkkYXJjaGl2ZXJYJG9iamVjdHMSAAGGoNEHCFRyb290gAFfEA9OU0tleWVkQXJjaGl2ZXKoCwwXGBkdJCVVJG51bGzTDQ4PEBEUViRjbGFzc1dOUy5rZXlzWk5TLm9iamVjdHOAB6ISE4ACgAOiFRaABIAGWWFsaWFzRGF0YVxyZWxhdGl2ZVBhdGjSDRobHFdOUy5kYXRhgAVPEQGmAAAAAAGmAAIAAAxNYWNpbnRvc2ggSEQAAAAAAAAAAAAAAAAAAADAarUXSCsAAAAejKwPV3JpZ2h0XzIwMDMucGRmAAAAAAAAAAAAAAAAAAAAAAAAAAAAAAAAAAAAAAAAAAAAAAAAAAAAAAAAAAAAAAAAADwurMMTWVdQREYgcHJ2dwAFAAQAAAkgAAAAAAAAAAAAAAAAAAAABldyaWdodAAQAAgAAMBqmPcAAAARAAgAAMMTPTcAAAABABQAHoysABwcVgAIZGUACFnRAABohQACAERNYWNpbnRvc2ggSEQ6VXNlcnM6YWxleGFuamU6UmVmZXJlbmNlOkJpYmRlc2s6V3JpZ2h0OldyaWdodF8yMDAzLnBkZgAOACAADwBXAHIAaQBnAGgAdABfADIAMAAwADMALgBwAGQAZgAPABoADABNAGEAYwBpAG4AdABvAHMAaAAgAEgARAASADdVc2Vycy9hbGV4YW5qZS9SZWZlcmVuY2UvQmliZGVzay9XcmlnaHQvV3JpZ2h0XzIwMDMucGRmAAATAAEvAAAVAAIAD///AADSHh8gIVgkY2xhc3Nlc1okY2xhc3NuYW1loyEiI11OU011dGFibGVEYXRhVk5TRGF0YVhOU09iamVjdF8QNy4uLy4uLy4uLy4uLy4uL1JlZmVyZW5jZS9CaWJkZXNrL1dyaWdodC9XcmlnaHRfMjAwMy5wZGbSHh8mJ6InI1xOU0RpY3Rpb25hcnkACAARABoAHwApADIANwA6AD8AQQBTAFwAYgBpAHAAeACDAIUAiACKAIwAjwCRAJMAnQCqAK8AtwC5AmMCaAJxAnwCgAKOApUCngLYAt0C4AAAAAAAAAIBAAAAAAAAACgAAAAAAAAAAAAAAAAAAALt},
	Booktitle = {Proceedings of NIME-03},
	Date-Added = {2007-09-16 22:04:35 +0200},
	Date-Modified = {2008-02-03 21:07:37 +0100},
	Title = {{Open Sound Control: State of the Art 2003}},
	Year = {2003}}

@inproceedings{Zbyszynski:2005,
	Address = {Barcelona},
	Annote = { Adrian Freed 
},
	Author = {Zbyszynski, Michael and Freed, Adrian},
	Bdsk-File-1 = {YnBsaXN0MDDUAQIDBAUGCQpYJHZlcnNpb25UJHRvcFkkYXJjaGl2ZXJYJG9iamVjdHMSAAGGoNEHCFRyb290gAFfEA9OU0tleWVkQXJjaGl2ZXKoCwwXGBkdJCVVJG51bGzTDQ4PEBEUViRjbGFzc1dOUy5rZXlzWk5TLm9iamVjdHOAB6ISE4ACgAOiFRaABIAGWWFsaWFzRGF0YVxyZWxhdGl2ZVBhdGjSDRobHFdOUy5kYXRhgAVPEQHCAAAAAAHCAAIAAAxNYWNpbnRvc2ggSEQAAAAAAAAAAAAAAAAAAADAarUXSCsAAAAr7VATWmJ5c3p5bnNraV8yMDA1LnBkZgAAAAAAAAAAAAAAAAAAAAAAAAAAAAAAAAAAAAAAAAAAAAAAAAAAAAAAAAAAACvtQ8InMFJQREYgcHJ2dwAFAAQAAAkgAAAAAAAAAAAAAAAAAAAAClpieXN6eW5za2kAEAAIAADAapj3AAAAEQAIAADCJyJCAAAAAQAUACvtUAAcHFYACGRlAAhZ0QAAaIUAAgBMTWFjaW50b3NoIEhEOlVzZXJzOmFsZXhhbmplOlJlZmVyZW5jZTpCaWJkZXNrOlpieXN6eW5za2k6WmJ5c3p5bnNraV8yMDA1LnBkZgAOACgAEwBaAGIAeQBzAHoAeQBuAHMAawBpAF8AMgAwADAANQAuAHAAZABmAA8AGgAMAE0AYQBjAGkAbgB0AG8AcwBoACAASABEABIAP1VzZXJzL2FsZXhhbmplL1JlZmVyZW5jZS9CaWJkZXNrL1pieXN6eW5za2kvWmJ5c3p5bnNraV8yMDA1LnBkZgAAEwABLwAAFQACAA///wAA0h4fICFYJGNsYXNzZXNaJGNsYXNzbmFtZaMhIiNdTlNNdXRhYmxlRGF0YVZOU0RhdGFYTlNPYmplY3RfED8uLi8uLi8uLi8uLi8uLi9SZWZlcmVuY2UvQmliZGVzay9aYnlzenluc2tpL1pieXN6eW5za2lfMjAwNS5wZGbSHh8mJ6InI1xOU0RpY3Rpb25hcnkACAARABoAHwApADIANwA6AD8AQQBTAFwAYgBpAHAAeACDAIUAiACKAIwAjwCRAJMAnQCqAK8AtwC5An8ChAKNApgCnAKqArECugL8AwEDBAAAAAAAAAIBAAAAAAAAACgAAAAAAAAAAAAAAAAAAAMR},
	Booktitle = {Proceedings of the International Computer Music Conference},
	Date-Added = {2007-03-21 18:56:33 +0100},
	Date-Modified = {2008-02-03 21:06:11 +0100},
	Pages = {263--266},
	Title = {Control of {VST} Plug-Ins Using {OSC}},
	Year = {2005}}

@article{Zicarelli:1991,
	Author = {Zicarelli, David},
	Bdsk-File-1 = {YnBsaXN0MDDUAQIDBAUGCQpYJHZlcnNpb25UJHRvcFkkYXJjaGl2ZXJYJG9iamVjdHMSAAGGoNEHCFRyb290gAFfEA9OU0tleWVkQXJjaGl2ZXKoCwwXGBkdJCVVJG51bGzTDQ4PEBEUViRjbGFzc1dOUy5rZXlzWk5TLm9iamVjdHOAB6ISE4ACgAOiFRaABIAGWWFsaWFzRGF0YVxyZWxhdGl2ZVBhdGjSDRobHFdOUy5kYXRhgAVPEQG8AAAAAAG8AAIAAAxNYWNpbnRvc2ggSEQAAAAAAAAAAAAAAAAAAADAarUXSCsAAAAhJYUSWmljYXJlbGxpXzE5OTEucGRmAAAAAAAAAAAAAAAAAAAAAAAAAAAAAAAAAAAAAAAAAAAAAAAAAAAAAAAAAAAAACdQ7QAAAABQREYgQ0FSTwAFAAQAAAkgAAAAAAAAAAAAAAAAAAAACVppY2FyZWxsaQAAEAAIAADAapj3AAAAEQAIAAAAAAAAAAAAAQAUACElhQAcHFYACGRlAAhZ0QAAaIUAAgBKTWFjaW50b3NoIEhEOlVzZXJzOmFsZXhhbmplOlJlZmVyZW5jZTpCaWJkZXNrOlppY2FyZWxsaTpaaWNhcmVsbGlfMTk5MS5wZGYADgAmABIAWgBpAGMAYQByAGUAbABsAGkAXwAxADkAOQAxAC4AcABkAGYADwAaAAwATQBhAGMAaQBuAHQAbwBzAGgAIABIAEQAEgA9VXNlcnMvYWxleGFuamUvUmVmZXJlbmNlL0JpYmRlc2svWmljYXJlbGxpL1ppY2FyZWxsaV8xOTkxLnBkZgAAEwABLwAAFQACAA///wAA0h4fICFYJGNsYXNzZXNaJGNsYXNzbmFtZaMhIiNdTlNNdXRhYmxlRGF0YVZOU0RhdGFYTlNPYmplY3RfED0uLi8uLi8uLi8uLi8uLi9SZWZlcmVuY2UvQmliZGVzay9aaWNhcmVsbGkvWmljYXJlbGxpXzE5OTEucGRm0h4fJieiJyNcTlNEaWN0aW9uYXJ5AAgAEQAaAB8AKQAyADcAOgA/AEEAUwBcAGIAaQBwAHgAgwCFAIgAigCMAI8AkQCTAJ0AqgCvALcAuQJ5An4ChwKSApYCpAKrArQC9AL5AvwAAAAAAAACAQAAAAAAAAAoAAAAAAAAAAAAAAAAAAADCQ==},
	Date-Added = {2007-02-20 21:47:48 -0500},
	Date-Modified = {2007-04-16 11:57:42 +0200},
	Journal = {Computer Music Journal},
	Local-Url = {file://localhost/Users/alexanje/Reference/Bibdesk/Zicarelli/Zicarelli_1991.pdf},
	Number = {4},
	Pages = {74--77},
	Title = {Communicationg with Meaningless Numbers},
	Volume = {15},
	Year = {1991}}

@article{Wright:2005,
	Author = {Wright, Matthew},
	Bdsk-File-1 = {YnBsaXN0MDDUAQIDBAUGCQpYJHZlcnNpb25UJHRvcFkkYXJjaGl2ZXJYJG9iamVjdHMSAAGGoNEHCFRyb290gAFfEA9OU0tleWVkQXJjaGl2ZXKoCwwXGBkdJCVVJG51bGzTDQ4PEBEUViRjbGFzc1dOUy5rZXlzWk5TLm9iamVjdHOAB6ISE4ACgAOiFRaABIAGWWFsaWFzRGF0YVxyZWxhdGl2ZVBhdGjSDRobHFdOUy5kYXRhgAVPEQGIAAAAAAGIAAIAAARsaW1lAAAAAAAAAAAAAAAAAAAAAAAAAAAAAADBcTjpSCsAAAD/KwESV3JpZ2h0XzIwMDVPU0MucGRmAAAAAAAAAAAAAAAAAAAAAAAAAAAAAAAAAAAAAAAAAAAAAAAAAAAAAAAAAAAAAP8qvMPEgfoAAAAAAAAAAAAEAAQAAAkgAAAAAAAAAAAAAAAAAAAABldyaWdodAAQAAgAAMFxjUkAAAARAAgAAMPE1loAAAABABQA/ysBAN4hYgAH2L4AB9ixAABvGQACADZsaW1lOlVzZXJzOnRpbTpEb2N1bWVudHM6QmliOldyaWdodDpXcmlnaHRfMjAwNU9TQy5wZGYADgAmABIAVwByAGkAZwBoAHQAXwAyADAAMAA1AE8AUwBDAC4AcABkAGYADwAKAAQAbABpAG0AZQASADFVc2Vycy90aW0vRG9jdW1lbnRzL0JpYi9XcmlnaHQvV3JpZ2h0XzIwMDVPU0MucGRmAAATAAEvAAAVAAIACv//AADSHh8gIVgkY2xhc3Nlc1okY2xhc3NuYW1loyEiI11OU011dGFibGVEYXRhVk5TRGF0YVhOU09iamVjdF8QMy4uLy4uLy4uLy4uL0RvY3VtZW50cy9CaWIvV3JpZ2h0L1dyaWdodF8yMDA1T1NDLnBkZtIeHyYnoicjXE5TRGljdGlvbmFyeQAIABEAGgAfACkAMgA3ADoAPwBBAFMAXABiAGkAcAB4AIMAhQCIAIoAjACPAJEAkwCdAKoArwC3ALkCRQJKAlMCXgJiAnACdwKAArYCuwK+AAAAAAAAAgEAAAAAAAAAKAAAAAAAAAAAAAAAAAAAAss=},
	Date-Added = {2007-02-20 12:59:16 -0500},
	Date-Modified = {2008-02-03 21:04:21 +0100},
	Journal = {Organised Sound},
	Number = {3},
	Pages = {193--200},
	Title = {Open Sound Control: an enabling technology for musical networking},
	Volume = {10},
	Year = {2005}}

@phdthesis{Lossius:2007,
	Address = {Bergen, Norway},
	Author = {Lossius, Trond},
	Bdsk-File-1 = {YnBsaXN0MDDUAQIDBAUGCQpYJHZlcnNpb25UJHRvcFkkYXJjaGl2ZXJYJG9iamVjdHMSAAGGoNEHCFRyb290gAFfEA9OU0tleWVkQXJjaGl2ZXKoCwwXGBkdJCVVJG51bGzTDQ4PEBEUViRjbGFzc1dOUy5rZXlzWk5TLm9iamVjdHOAB6ISE4ACgAOiFRaABIAGWWFsaWFzRGF0YVxyZWxhdGl2ZVBhdGjSDRobHFdOUy5kYXRhgAVPEQGuAAAAAAGuAAIAAAxNYWNpbnRvc2ggSEQAAAAAAAAAAAAAAAAAAADAarUXSCsAAAAfQ8gQTG9zc2l1c18yMDA3LnBkZgAAAAAAAAAAAAAAAAAAAAAAAAAAAAAAAAAAAAAAAAAAAAAAAAAAAAAAAAAAAAAAACVkNcHylNZQREYgcHJ2dwAFAAQAAAkgAAAAAAAAAAAAAAAAAAAAB0xvc3NpdXMAABAACAAAwGqY9wAAABEACAAAwfKGxgAAAAEAFAAfQ8gAHBxWAAhkZQAIWdEAAGiFAAIARk1hY2ludG9zaCBIRDpVc2VyczphbGV4YW5qZTpSZWZlcmVuY2U6QmliZGVzazpMb3NzaXVzOkxvc3NpdXNfMjAwNy5wZGYADgAiABAATABvAHMAcwBpAHUAcwBfADIAMAAwADcALgBwAGQAZgAPABoADABNAGEAYwBpAG4AdABvAHMAaAAgAEgARAASADlVc2Vycy9hbGV4YW5qZS9SZWZlcmVuY2UvQmliZGVzay9Mb3NzaXVzL0xvc3NpdXNfMjAwNy5wZGYAABMAAS8AABUAAgAP//8AANIeHyAhWCRjbGFzc2VzWiRjbGFzc25hbWWjISIjXU5TTXV0YWJsZURhdGFWTlNEYXRhWE5TT2JqZWN0XxA5Li4vLi4vLi4vLi4vLi4vUmVmZXJlbmNlL0JpYmRlc2svTG9zc2l1cy9Mb3NzaXVzXzIwMDcucGRm0h4fJieiJyNcTlNEaWN0aW9uYXJ5AAgAEQAaAB8AKQAyADcAOgA/AEEAUwBcAGIAaQBwAHgAgwCFAIgAigCMAI8AkQCTAJ0AqgCvALcAuQJrAnACeQKEAogClgKdAqYC4gLnAuoAAAAAAAACAQAAAAAAAAAoAAAAAAAAAAAAAAAAAAAC9w==},
	Date-Added = {2007-02-13 09:37:47 +0100},
	Date-Modified = {2007-07-07 20:40:37 +0200},
	Local-Url = {file://localhost/Users/alexanje/Reference/Bibdesk/Lossius/Lossius_2007.pdf},
	School = {Bergen National Academy of the Arts},
	Title = {Sound - Space - Body : Reflections on Artistic Practice},
	Type = {Research Fellowship in the Arts thesis},
	Year = {2007}}

@article{Zicarelli:2002,
	Author = {Zicarelli, David},
	Bdsk-File-1 = {YnBsaXN0MDDUAQIDBAUGCQpYJHZlcnNpb25UJHRvcFkkYXJjaGl2ZXJYJG9iamVjdHMSAAGGoNEHCFRyb290gAFfEA9OU0tleWVkQXJjaGl2ZXKoCwwXGBkdJCVVJG51bGzTDQ4PEBEUViRjbGFzc1dOUy5rZXlzWk5TLm9iamVjdHOAB6ISE4ACgAOiFRaABIAGWWFsaWFzRGF0YVxyZWxhdGl2ZVBhdGjSDRobHFdOUy5kYXRhgAVPEQG8AAAAAAG8AAIAAAxNYWNpbnRvc2ggSEQAAAAAAAAAAAAAAAAAAADAarUXSCsAAAAhJYUSWmljYXJlbGxpXzIwMDIucGRmAAAAAAAAAAAAAAAAAAAAAAAAAAAAAAAAAAAAAAAAAAAAAAAAAAAAAAAAAAAAAAyX/8A1lz9QREYgQ0FSTwAFAAQAAAkgAAAAAAAAAAAAAAAAAAAACVppY2FyZWxsaQAAEAAIAADAapj3AAAAEQAIAADANYkvAAAAAQAUACElhQAcHFYACGRlAAhZ0QAAaIUAAgBKTWFjaW50b3NoIEhEOlVzZXJzOmFsZXhhbmplOlJlZmVyZW5jZTpCaWJkZXNrOlppY2FyZWxsaTpaaWNhcmVsbGlfMjAwMi5wZGYADgAmABIAWgBpAGMAYQByAGUAbABsAGkAXwAyADAAMAAyAC4AcABkAGYADwAaAAwATQBhAGMAaQBuAHQAbwBzAGgAIABIAEQAEgA9VXNlcnMvYWxleGFuamUvUmVmZXJlbmNlL0JpYmRlc2svWmljYXJlbGxpL1ppY2FyZWxsaV8yMDAyLnBkZgAAEwABLwAAFQACAA///wAA0h4fICFYJGNsYXNzZXNaJGNsYXNzbmFtZaMhIiNdTlNNdXRhYmxlRGF0YVZOU0RhdGFYTlNPYmplY3RfED0uLi8uLi8uLi8uLi8uLi9SZWZlcmVuY2UvQmliZGVzay9aaWNhcmVsbGkvWmljYXJlbGxpXzIwMDIucGRm0h4fJieiJyNcTlNEaWN0aW9uYXJ5AAgAEQAaAB8AKQAyADcAOgA/AEEAUwBcAGIAaQBwAHgAgwCFAIgAigCMAI8AkQCTAJ0AqgCvALcAuQJ5An4ChwKSApYCpAKrArQC9AL5AvwAAAAAAAACAQAAAAAAAAAoAAAAAAAAAAAAAAAAAAADCQ==},
	Date-Added = {2007-01-08 19:06:17 +0100},
	Date-Modified = {2007-04-16 11:57:42 +0200},
	Journal = {Computer Music Journal},
	Local-Url = {file://localhost/Users/alexanje/Reference/Bibdesk/Zicarelli/Zicarelli_2002.pdf},
	Month = {Winter},
	Number = {2},
	Pages = {44--51},
	Title = {How I Learned to Love a Program That Does Nothing},
	Volume = {26},
	Year = {2002}}

@phdthesis{Jensenius:2007,
	Author = {Jensenius, Alexander Refsum},
	Bdsk-File-1 = {YnBsaXN0MDDUAQIDBAUGCQpYJHZlcnNpb25UJHRvcFkkYXJjaGl2ZXJYJG9iamVjdHMSAAGGoNEHCFRyb290gAFfEA9OU0tleWVkQXJjaGl2ZXKoCwwXGBkdJCVVJG51bGzTDQ4PEBEUViRjbGFzc1dOUy5rZXlzWk5TLm9iamVjdHOAB6ISE4ACgAOiFRaABIAGWWFsaWFzRGF0YVxyZWxhdGl2ZVBhdGjSDRobHFdOUy5kYXRhgAVPEQHAAAAAAAHAAAIAAAxNYWNpbnRvc2ggSEQAAAAAAAAAAAAAAAAAAADAarUXSCsAAAAdzbITSmVuc2VuaXVzXzIwMDdiLnBkZgAAAAAAAAAAAAAAAAAAAAAAAAAAAAAAAAAAAAAAAAAAAAAAAAAAAAAAAAAAAGE3ycOoJvBQREYgQ0FSTwAFAAQAAAkgAAAAAAAAAAAAAAAAAAAACUplbnNlbml1cwAAEAAIAADAapj3AAAAEQAIAADDqBjgAAAAAQAUAB3NsgAcHFYACGRlAAhZ0QAAaIUAAgBLTWFjaW50b3NoIEhEOlVzZXJzOmFsZXhhbmplOlJlZmVyZW5jZTpCaWJkZXNrOkplbnNlbml1czpKZW5zZW5pdXNfMjAwN2IucGRmAAAOACgAEwBKAGUAbgBzAGUAbgBpAHUAcwBfADIAMAAwADcAYgAuAHAAZABmAA8AGgAMAE0AYQBjAGkAbgB0AG8AcwBoACAASABEABIAPlVzZXJzL2FsZXhhbmplL1JlZmVyZW5jZS9CaWJkZXNrL0plbnNlbml1cy9KZW5zZW5pdXNfMjAwN2IucGRmABMAAS8AABUAAgAP//8AANIeHyAhWCRjbGFzc2VzWiRjbGFzc25hbWWjISIjXU5TTXV0YWJsZURhdGFWTlNEYXRhWE5TT2JqZWN0XxA+Li4vLi4vLi4vLi4vLi4vUmVmZXJlbmNlL0JpYmRlc2svSmVuc2VuaXVzL0plbnNlbml1c18yMDA3Yi5wZGbSHh8mJ6InI1xOU0RpY3Rpb25hcnkACAARABoAHwApADIANwA6AD8AQQBTAFwAYgBpAHAAeACDAIUAiACKAIwAjwCRAJMAnQCqAK8AtwC5An0CggKLApYCmgKoAq8CuAL5Av4DAQAAAAAAAAIBAAAAAAAAACgAAAAAAAAAAAAAAAAAAAMO},
	Date-Added = {2007-01-08 12:56:05 +0100},
	Date-Modified = {2008-02-03 20:58:02 +0100},
	School = {University of Oslo},
	Title = {Action--Sound : Developing Methods and Tools for Studying Music-Related Bodily Movement},
	Year = {2007}}

@inproceedings{Place:2006,
	Abstract = {Jamoma is a system for developing high-level modules in the Max/MSP/Jitter environment. Jamoma consists of two parts: A recommendation and an implementation of that recommendation. Jamoma offers a compelling set of benefits to users.  These benefits include fast and flexible interchange of modules, patch-building, and module construction, as well as possibilities of advanced control for the modules in performance. Jamoma modules may encapsulate any type of functionality that can be performed by Max, MSP, Jitter, its components (such as Java or JavaScript), or any third-party objects. 
},
	Address = {New Orleans, LA},
	Author = {Place, Timothy and Lossius, Trond},
	Bdsk-File-1 = {YnBsaXN0MDDUAQIDBAUGCQpYJHZlcnNpb25UJHRvcFkkYXJjaGl2ZXJYJG9iamVjdHMSAAGGoNEHCFRyb290gAFfEA9OU0tleWVkQXJjaGl2ZXKoCwwXGBkdJCVVJG51bGzTDQ4PEBEUViRjbGFzc1dOUy5rZXlzWk5TLm9iamVjdHOAB6ISE4ACgAOiFRaABIAGWWFsaWFzRGF0YVxyZWxhdGl2ZVBhdGjSDRobHFdOUy5kYXRhgAVPEQGgAAAAAAGgAAIAAAxNYWNpbnRvc2ggSEQAAAAAAAAAAAAAAAAAAADAarUXSCsAAAAfQ9MOUGxhY2VfMjAwNi5wZGYAAAAAAAAAAAAAAAAAAAAAAAAAAAAAAAAAAAAAAAAAAAAAAAAAAAAAAAAAAAAAAAAAAAyRt8CJ0DwAAAAAAAAAAAAFAAQAAAkgAAAAAAAAAAAAAAAAAAAABVBsYWNlAAAQAAgAAMBqmPcAAAARAAgAAMCJtBwAAAABABQAH0PTABwcVgAIZGUACFnRAABohQACAEJNYWNpbnRvc2ggSEQ6VXNlcnM6YWxleGFuamU6UmVmZXJlbmNlOkJpYmRlc2s6UGxhY2U6UGxhY2VfMjAwNi5wZGYADgAeAA4AUABsAGEAYwBlAF8AMgAwADAANgAuAHAAZABmAA8AGgAMAE0AYQBjAGkAbgB0AG8AcwBoACAASABEABIANVVzZXJzL2FsZXhhbmplL1JlZmVyZW5jZS9CaWJkZXNrL1BsYWNlL1BsYWNlXzIwMDYucGRmAAATAAEvAAAVAAIAD///AADSHh8gIVgkY2xhc3Nlc1okY2xhc3NuYW1loyEiI11OU011dGFibGVEYXRhVk5TRGF0YVhOU09iamVjdF8QNS4uLy4uLy4uLy4uLy4uL1JlZmVyZW5jZS9CaWJkZXNrL1BsYWNlL1BsYWNlXzIwMDYucGRm0h4fJieiJyNcTlNEaWN0aW9uYXJ5AAgAEQAaAB8AKQAyADcAOgA/AEEAUwBcAGIAaQBwAHgAgwCFAIgAigCMAI8AkQCTAJ0AqgCvALcAuQJdAmICawJ2AnoCiAKPApgC0ALVAtgAAAAAAAACAQAAAAAAAAAoAAAAAAAAAAAAAAAAAAAC5Q==},
	Booktitle = {Proceedings of the International Computer Music Conference},
	Date-Added = {2006-05-16 16:38:22 -0400},
	Date-Modified = {2008-02-03 21:05:47 +0100},
	Pages = {143--146},
	Title = {Jamoma: A Modular Standard for Structuring Patches in Max},
	Year = {2006}}

@inproceedings{Wright:2001,
	Address = {La Habana, Cuba},
	Author = {Wright, Matthew and Freed, Adrian and Lee, Ahm and Madden, Tim and Momeni, Ali},
	Bdsk-File-1 = {YnBsaXN0MDDUAQIDBAUGCQpYJHZlcnNpb25UJHRvcFkkYXJjaGl2ZXJYJG9iamVjdHMSAAGGoNEHCFRyb290gAFfEA9OU0tleWVkQXJjaGl2ZXKoCwwXGBkdJCVVJG51bGzTDQ4PEBEUViRjbGFzc1dOUy5rZXlzWk5TLm9iamVjdHOAB6ISE4ACgAOiFRaABIAGWWFsaWFzRGF0YVxyZWxhdGl2ZVBhdGjSDRobHFdOUy5kYXRhgAVPEQGmAAAAAAGmAAIAAAxNYWNpbnRvc2ggSEQAAAAAAAAAAAAAAAAAAADAarUXSCsAAAAejKwPV3JpZ2h0XzIwMDEucGRmAAAAAAAAAAAAAAAAAAAAAAAAAAAAAAAAAAAAAAAAAAAAAAAAAAAAAAAAAAAAAAAAAAyX2rzF4qoAAAAAAAAAAAAFAAQAAAkgAAAAAAAAAAAAAAAAAAAABldyaWdodAAQAAgAAMBqmPcAAAARAAgAALzFxooAAAABABQAHoysABwcVgAIZGUACFnRAABohQACAERNYWNpbnRvc2ggSEQ6VXNlcnM6YWxleGFuamU6UmVmZXJlbmNlOkJpYmRlc2s6V3JpZ2h0OldyaWdodF8yMDAxLnBkZgAOACAADwBXAHIAaQBnAGgAdABfADIAMAAwADEALgBwAGQAZgAPABoADABNAGEAYwBpAG4AdABvAHMAaAAgAEgARAASADdVc2Vycy9hbGV4YW5qZS9SZWZlcmVuY2UvQmliZGVzay9XcmlnaHQvV3JpZ2h0XzIwMDEucGRmAAATAAEvAAAVAAIAD///AADSHh8gIVgkY2xhc3Nlc1okY2xhc3NuYW1loyEiI11OU011dGFibGVEYXRhVk5TRGF0YVhOU09iamVjdF8QNy4uLy4uLy4uLy4uLy4uL1JlZmVyZW5jZS9CaWJkZXNrL1dyaWdodC9XcmlnaHRfMjAwMS5wZGbSHh8mJ6InI1xOU0RpY3Rpb25hcnkACAARABoAHwApADIANwA6AD8AQQBTAFwAYgBpAHAAeACDAIUAiACKAIwAjwCRAJMAnQCqAK8AtwC5AmMCaAJxAnwCgAKOApUCngLYAt0C4AAAAAAAAAIBAAAAAAAAACgAAAAAAAAAAAAAAAAAAALt},
	Booktitle = {Proceedings of the International Computer Music Conference},
	Date-Added = {2006-01-31 00:01:21 +0100},
	Date-Modified = {2008-02-03 21:05:55 +0100},
	Pages = {314--317},
	Title = {Managing Complexity with Explicit Mapping of Gestures to Sound Control with {OSC}},
	Year = {2001}}

@inproceedings{Wright:1997,
	Address = {Thessaloniki},
	Author = {Wright, Matthew and Freed, Adrian},
	Booktitle = {Proceedings of the International Computer Music Conference},
	Date-Added = {2005-03-04 15:22:52 -0500},
	Date-Modified = {2008-02-03 21:05:27 +0100},
	Pages = {101--104},
	Title = {Open Sound Control: A New Protocol for Communicating with Sound Synthesizers},
	Year = {1997}}

@inproceedings{Zicarelli:1998,
	Address = {Ann Arbor, MI},
	Author = {Zicarelli, David},
	Booktitle = {Proceedings of the International Computer Music Conference},
	Date-Modified = {2008-02-03 21:06:19 +0100},
	Pages = {463--466},
	Title = {An Extensible Real-Time Signal Processing Environment for Max},
	Year = {1998}}


@article{peters_caa07,
	Author = {Nils Peters, and Sean Ferguson, and Stephen McAdams},
	Date-Added = {2008-01-16 11:05:35 -0500},
	Date-Modified = {2008-01-31 21:29:17 -0500},
	Journal = {Canadian Acoustics},
	Month = {September},
	Number = {3},
	Pages = {64 -- 65},
	Title = {{Towards a Spatial Sound Description Interchange Format (SpatDIF)}},
	Volume = {35},
	Year = {2007}}


@comment{BibDesk Static Groups{
<?xml version="1.0" encoding="UTF-8"?>
<!DOCTYPE plist PUBLIC "-//Apple Computer//DTD PLIST 1.0//EN" "http://www.apple.com/DTDs/PropertyList-1.0.dtd">
<plist version="1.0">
<array>
	<dict>
		<key>group name</key>
		<string>Check out</string>
		<key>keys</key>
		<string></string>
	</dict>
</array>
</plist>
}}
